[gd_scene load_steps=18 format=2]

[ext_resource path="res://Scripts/Phone.gd" type="Script" id=1]
[ext_resource path="res://Sprites/UI/Phone.png" type="Texture" id=2]
[ext_resource path="res://Sprites/UI/bgphoneee.png" type="Texture" id=3]
[ext_resource path="res://Sprites/UI/icons_bnw/m.png" type="Texture" id=4]
[ext_resource path="res://Sprites/UI/icons_bnw/s.png" type="Texture" id=5]
[ext_resource path="res://Sprites/UI/icons_bnw/c.png" type="Texture" id=6]
[ext_resource path="res://Sprites/UI/icons_bnw/g.png" type="Texture" id=7]
[ext_resource path="res://Sprites/UI/icons_bnw/b.png" type="Texture" id=8]
[ext_resource path="res://Sprites/UI/icons_bnw/i.png" type="Texture" id=9]
[ext_resource path="res://Sprites/UI/icons_bnw/l.png" type="Texture" id=10]
[ext_resource path="res://Sprites/UI/icons_bnw/w.png" type="Texture" id=11]
[ext_resource path="res://Sprites/UI/icons_bnw/sett.png" type="Texture" id=12]
[ext_resource path="res://Fonts/CyberpunkWaifus.tres" type="DynamicFont" id=13]
[ext_resource path="res://Themes/Theme.theme" type="Theme" id=14]
[ext_resource path="res://Sprites/UI/artcile.png" type="Texture" id=15]
[ext_resource path="res://Scripts/Article.gd" type="Script" id=16]
[ext_resource path="res://Scenes/GameElements/Phone.tres" type="Theme" id=17]

[node name="Phone" type="Panel" index="0"]

anchor_left = 0.0
anchor_top = 0.0
anchor_right = 0.0
anchor_bottom = 0.0
margin_left = 20.0
margin_top = 20.0
margin_right = 150.0
margin_bottom = 210.0
rect_pivot_offset = Vector2( 0, 0 )
rect_clip_content = false
mouse_filter = 0
mouse_default_cursor_shape = 0
size_flags_horizontal = 1
size_flags_vertical = 1
script = ExtResource( 1 )
_sections_unfolded = [ "Visibility" ]

[node name="Home Screen" type="Panel" parent="." index="0"]

editor/display_folded = true
self_modulate = Color( 0.11673, 0.338407, 0.597656, 1 )
anchor_left = 0.0
anchor_top = 0.0
anchor_right = 0.0
anchor_bottom = 0.0
margin_right = 130.0
margin_bottom = 190.0
rect_pivot_offset = Vector2( 0, 0 )
rect_clip_content = false
mouse_filter = 0
mouse_default_cursor_shape = 0
size_flags_horizontal = 1
size_flags_vertical = 1
_sections_unfolded = [ "Visibility" ]

[node name="Phone" type="Sprite" parent="Home Screen" index="0"]

position = Vector2( 65, 95 )
texture = ExtResource( 2 )

[node name="phone bg" type="Sprite" parent="Home Screen" index="1"]

modulate = Color( 0, 0, 0, 1 )
position = Vector2( 64, 84 )
texture = ExtResource( 3 )
_sections_unfolded = [ "Visibility" ]

[node name="Panel" type="Panel" parent="Home Screen" index="2"]

modulate = Color( 1, 0, 1, 1 )
anchor_left = 0.0
anchor_top = 0.0
anchor_right = 0.0
anchor_bottom = 0.0
margin_left = 8.0
margin_top = 8.0
margin_right = 120.0
margin_bottom = 34.0
rect_pivot_offset = Vector2( 0, 0 )
rect_clip_content = false
mouse_filter = 0
mouse_default_cursor_shape = 0
size_flags_horizontal = 1
size_flags_vertical = 1
_sections_unfolded = [ "Visibility" ]

[node name="1" type="TextureButton" parent="Home Screen" index="3"]

modulate = Color( 1, 0, 1, 1 )
anchor_left = 0.0
anchor_top = 0.0
anchor_right = 0.0
anchor_bottom = 0.0
margin_left = 9.0
margin_top = 43.0
margin_right = 39.0
margin_bottom = 73.0
rect_pivot_offset = Vector2( 0, 0 )
rect_clip_content = false
focus_mode = 2
mouse_filter = 0
mouse_default_cursor_shape = 0
size_flags_horizontal = 1
size_flags_vertical = 1
toggle_mode = false
enabled_focus_mode = 2
shortcut = null
group = null
texture_normal = ExtResource( 4 )
texture_pressed = ExtResource( 4 )
texture_hover = ExtResource( 4 )
_sections_unfolded = [ "Textures", "Visibility" ]

[node name="2" type="TextureButton" parent="Home Screen" index="4"]

modulate = Color( 1, 0, 1, 1 )
anchor_left = 0.0
anchor_top = 0.0
anchor_right = 0.0
anchor_bottom = 0.0
margin_left = 50.0
margin_top = 43.0
margin_right = 80.0
margin_bottom = 73.0
rect_pivot_offset = Vector2( 0, 0 )
rect_clip_content = false
focus_mode = 2
mouse_filter = 0
mouse_default_cursor_shape = 0
size_flags_horizontal = 1
size_flags_vertical = 1
toggle_mode = false
enabled_focus_mode = 2
shortcut = null
group = null
texture_normal = ExtResource( 5 )
texture_pressed = ExtResource( 5 )
texture_hover = ExtResource( 5 )
_sections_unfolded = [ "Textures" ]

[node name="3" type="TextureButton" parent="Home Screen" index="5"]

modulate = Color( 1, 0, 1, 1 )
anchor_left = 0.0
anchor_top = 0.0
anchor_right = 0.0
anchor_bottom = 0.0
margin_left = 90.0
margin_top = 43.0
margin_right = 120.0
margin_bottom = 73.0
rect_pivot_offset = Vector2( 0, 0 )
rect_clip_content = false
focus_mode = 2
mouse_filter = 0
mouse_default_cursor_shape = 0
size_flags_horizontal = 1
size_flags_vertical = 1
toggle_mode = false
enabled_focus_mode = 2
shortcut = null
group = null
texture_normal = ExtResource( 6 )
texture_pressed = ExtResource( 6 )
texture_hover = ExtResource( 6 )
_sections_unfolded = [ "Textures" ]

[node name="4" type="TextureButton" parent="Home Screen" index="6"]

modulate = Color( 1, 0, 1, 1 )
anchor_left = 0.0
anchor_top = 0.0
anchor_right = 0.0
anchor_bottom = 0.0
margin_left = 10.0
margin_top = 83.0
margin_right = 40.0
margin_bottom = 113.0
rect_pivot_offset = Vector2( 0, 0 )
rect_clip_content = false
focus_mode = 2
mouse_filter = 0
mouse_default_cursor_shape = 0
size_flags_horizontal = 1
size_flags_vertical = 1
toggle_mode = false
enabled_focus_mode = 2
shortcut = null
group = null
texture_normal = ExtResource( 7 )
texture_pressed = ExtResource( 7 )
texture_hover = ExtResource( 7 )
_sections_unfolded = [ "Textures" ]

[node name="5" type="TextureButton" parent="Home Screen" index="7"]

modulate = Color( 1, 0, 1, 1 )
anchor_left = 0.0
anchor_top = 0.0
anchor_right = 0.0
anchor_bottom = 0.0
margin_left = 50.0
margin_top = 83.0
margin_right = 80.0
margin_bottom = 113.0
rect_pivot_offset = Vector2( 0, 0 )
rect_clip_content = false
focus_mode = 2
mouse_filter = 0
mouse_default_cursor_shape = 0
size_flags_horizontal = 1
size_flags_vertical = 1
toggle_mode = false
enabled_focus_mode = 2
shortcut = null
group = null
texture_normal = ExtResource( 8 )
texture_pressed = ExtResource( 8 )
texture_hover = ExtResource( 8 )
_sections_unfolded = [ "Textures" ]

[node name="6" type="TextureButton" parent="Home Screen" index="8"]

modulate = Color( 1, 0, 1, 1 )
anchor_left = 0.0
anchor_top = 0.0
anchor_right = 0.0
anchor_bottom = 0.0
margin_left = 89.0
margin_top = 83.0
margin_right = 119.0
margin_bottom = 113.0
rect_pivot_offset = Vector2( 0, 0 )
rect_clip_content = false
focus_mode = 2
mouse_filter = 0
mouse_default_cursor_shape = 0
size_flags_horizontal = 1
size_flags_vertical = 1
toggle_mode = false
enabled_focus_mode = 2
shortcut = null
group = null
texture_normal = ExtResource( 9 )
texture_pressed = ExtResource( 9 )
texture_hover = ExtResource( 9 )
_sections_unfolded = [ "Textures", "Visibility" ]

[node name="7" type="TextureButton" parent="Home Screen" index="9"]

modulate = Color( 1, 0, 1, 1 )
anchor_left = 0.0
anchor_top = 0.0
anchor_right = 0.0
anchor_bottom = 0.0
margin_left = 9.0
margin_top = 123.0
margin_right = 39.0
margin_bottom = 153.0
rect_pivot_offset = Vector2( 0, 0 )
rect_clip_content = false
focus_mode = 2
mouse_filter = 0
mouse_default_cursor_shape = 0
size_flags_horizontal = 1
size_flags_vertical = 1
toggle_mode = false
enabled_focus_mode = 2
shortcut = null
group = null
texture_normal = ExtResource( 10 )
texture_pressed = ExtResource( 10 )
texture_hover = ExtResource( 10 )
_sections_unfolded = [ "Textures", "Visibility" ]

[node name="8" type="TextureButton" parent="Home Screen" index="10"]

modulate = Color( 1, 0, 1, 1 )
anchor_left = 0.0
anchor_top = 0.0
anchor_right = 0.0
anchor_bottom = 0.0
margin_left = 49.0
margin_top = 123.0
margin_right = 79.0
margin_bottom = 153.0
rect_pivot_offset = Vector2( 0, 0 )
rect_clip_content = false
focus_mode = 2
mouse_filter = 0
mouse_default_cursor_shape = 0
size_flags_horizontal = 1
size_flags_vertical = 1
toggle_mode = false
enabled_focus_mode = 2
shortcut = null
group = null
texture_normal = ExtResource( 11 )
texture_pressed = ExtResource( 11 )
texture_hover = ExtResource( 11 )
_sections_unfolded = [ "Textures", "Visibility" ]

[node name="9" type="TextureButton" parent="Home Screen" index="11"]

modulate = Color( 1, 0, 1, 1 )
anchor_left = 0.0
anchor_top = 0.0
anchor_right = 0.0
anchor_bottom = 0.0
margin_left = 89.0
margin_top = 123.0
margin_right = 119.0
margin_bottom = 153.0
rect_pivot_offset = Vector2( 0, 0 )
rect_clip_content = false
focus_mode = 2
mouse_filter = 0
mouse_default_cursor_shape = 0
size_flags_horizontal = 1
size_flags_vertical = 1
toggle_mode = false
enabled_focus_mode = 2
shortcut = null
group = null
texture_normal = ExtResource( 12 )
texture_pressed = ExtResource( 12 )
texture_hover = ExtResource( 12 )
_sections_unfolded = [ "Textures", "Visibility" ]

[node name="1 Sceen" type="Panel" parent="." index="1"]

editor/display_folded = true
visible = false
self_modulate = Color( 0.96875, 0, 1, 1 )
anchor_left = 0.0
anchor_top = 0.0
anchor_right = 0.0
anchor_bottom = 0.0
margin_right = 130.0
margin_bottom = 190.0
rect_pivot_offset = Vector2( 0, 0 )
rect_clip_content = false
mouse_filter = 0
mouse_default_cursor_shape = 0
size_flags_horizontal = 1
size_flags_vertical = 1
_sections_unfolded = [ "Visibility" ]

[node name="Back" type="Button" parent="1 Sceen" index="0"]

anchor_left = 0.0
anchor_top = 0.0
anchor_right = 0.0
anchor_bottom = 0.0
margin_left = 40.0
margin_top = 165.0
margin_right = 90.0
margin_bottom = 185.0
rect_pivot_offset = Vector2( 0, 0 )
rect_clip_content = false
focus_mode = 2
mouse_filter = 0
mouse_default_cursor_shape = 0
size_flags_horizontal = 1
size_flags_vertical = 1
custom_fonts/font = ExtResource( 13 )
toggle_mode = false
enabled_focus_mode = 2
shortcut = null
group = null
text = "Back"
flat = false
align = 1
_sections_unfolded = [ "custom_fonts" ]

[node name="2 Sceen" type="Panel" parent="." index="2"]

editor/display_folded = true
visible = false
self_modulate = Color( 0.898438, 1, 0, 1 )
anchor_left = 0.0
anchor_top = 0.0
anchor_right = 0.0
anchor_bottom = 0.0
margin_right = 130.0
margin_bottom = 190.0
rect_pivot_offset = Vector2( 0, 0 )
rect_clip_content = false
mouse_filter = 0
mouse_default_cursor_shape = 0
size_flags_horizontal = 1
size_flags_vertical = 1
_sections_unfolded = [ "Visibility" ]

[node name="Back" type="Button" parent="2 Sceen" index="0"]

anchor_left = 0.0
anchor_top = 0.0
anchor_right = 0.0
anchor_bottom = 0.0
margin_left = 40.0
margin_top = 165.0
margin_right = 90.0
margin_bottom = 185.0
rect_pivot_offset = Vector2( 0, 0 )
rect_clip_content = false
focus_mode = 2
mouse_filter = 0
mouse_default_cursor_shape = 0
size_flags_horizontal = 1
size_flags_vertical = 1
custom_fonts/font = ExtResource( 13 )
toggle_mode = false
enabled_focus_mode = 2
shortcut = null
group = null
text = "Back"
flat = false
align = 1
_sections_unfolded = [ "custom_fonts" ]

[node name="3 Sceen" type="Panel" parent="." index="3"]

editor/display_folded = true
visible = false
self_modulate = Color( 0.2, 0.2, 0.266667, 1 )
anchor_left = 0.0
anchor_top = 0.0
anchor_right = 0.0
anchor_bottom = 0.0
margin_right = 570.0
margin_bottom = 190.0
rect_pivot_offset = Vector2( 0, 0 )
rect_clip_content = false
mouse_filter = 0
mouse_default_cursor_shape = 0
size_flags_horizontal = 1
size_flags_vertical = 1
theme = ExtResource( 14 )
_sections_unfolded = [ "Theme", "Visibility" ]

[node name="Sprite" type="Sprite" parent="3 Sceen" index="0"]

position = Vector2( 285, 95 )
texture = ExtResource( 15 )
_sections_unfolded = [ "Visibility" ]

[node name="Back" type="Button" parent="3 Sceen" index="1"]

anchor_left = 0.0
anchor_top = 0.0
anchor_right = 0.0
anchor_bottom = 0.0
margin_left = 40.0
margin_top = 165.0
margin_right = 90.0
margin_bottom = 185.0
rect_pivot_offset = Vector2( 0, 0 )
rect_clip_content = false
focus_mode = 2
mouse_filter = 0
mouse_default_cursor_shape = 0
size_flags_horizontal = 1
size_flags_vertical = 1
theme = ExtResource( 14 )
custom_fonts/font = ExtResource( 13 )
toggle_mode = false
enabled_focus_mode = 2
shortcut = null
group = null
text = "Back"
flat = false
align = 1
_sections_unfolded = [ "Hint", "Theme", "custom_fonts" ]

[node name="Article Back" type="Button" parent="3 Sceen" index="2"]

visible = false
anchor_left = 0.0
anchor_top = 0.0
anchor_right = 0.0
anchor_bottom = 0.0
margin_left = 40.0
margin_top = 165.0
margin_right = 90.0
margin_bottom = 185.0
rect_pivot_offset = Vector2( 0, 0 )
rect_clip_content = false
focus_mode = 2
mouse_filter = 0
mouse_default_cursor_shape = 0
size_flags_horizontal = 1
size_flags_vertical = 1
custom_fonts/font = ExtResource( 13 )
toggle_mode = false
enabled_focus_mode = 2
shortcut = null
group = null
text = "Back"
flat = false
align = 1
_sections_unfolded = [ "custom_fonts" ]

[node name="Article" type="RichTextLabel" parent="3 Sceen" index="3"]

anchor_left = 0.0
anchor_top = 0.0
anchor_right = 0.0
anchor_bottom = 0.0
margin_left = 5.0
margin_top = 5.0
margin_right = 565.0
margin_bottom = 160.0
rect_pivot_offset = Vector2( 0, 0 )
rect_clip_content = true
focus_mode = 2
mouse_filter = 0
mouse_default_cursor_shape = 0
size_flags_horizontal = 1
size_flags_vertical = 1
custom_fonts/mono_font = ExtResource( 13 )
custom_fonts/bold_italics_font = ExtResource( 13 )
custom_fonts/italics_font = ExtResource( 13 )
custom_fonts/bold_font = ExtResource( 13 )
custom_fonts/normal_font = ExtResource( 13 )
bbcode_enabled = true
bbcode_text = ""
visible_characters = -1
percent_visible = 1.0
meta_underlined = true
tab_size = 4
text = ""
scroll_active = true
scroll_following = false
selection_enabled = true
override_selected_font_color = false
script = ExtResource( 16 )
_sections_unfolded = [ "BBCode", "custom_constants", "custom_fonts" ]
text_file_name = "articleTest"

[node name="ScrollContainer" type="ScrollContainer" parent="3 Sceen/Article" index="1"]

anchor_left = 0.0
anchor_top = 0.0
anchor_right = 0.0
anchor_bottom = 0.0
margin_right = 560.0
margin_bottom = 155.0
rect_pivot_offset = Vector2( 0, 0 )
rect_clip_content = true
mouse_filter = 0
mouse_default_cursor_shape = 0
size_flags_horizontal = 1
size_flags_vertical = 1
theme = ExtResource( 17 )
scroll_horizontal_enabled = false
scroll_horizontal = 0
scroll_vertical_enabled = true
scroll_vertical = 0
scroll_deadzone = 0
_sections_unfolded = [ "Scroll", "Theme" ]

[node name="VBoxContainer" type="VBoxContainer" parent="3 Sceen/Article/ScrollContainer" index="0"]

anchor_left = 0.0
anchor_top = 0.0
anchor_right = 0.0
anchor_bottom = 0.0
rect_pivot_offset = Vector2( 0, 0 )
rect_clip_content = false
mouse_filter = 1
mouse_default_cursor_shape = 0
size_flags_horizontal = 1
size_flags_vertical = 1
alignment = 0
_sections_unfolded = [ "Theme" ]

[connection signal="pressed" from="Home Screen/1" to="." method="_on_1_pressed"]

[connection signal="pressed" from="Home Screen/2" to="." method="_on_2_pressed"]

[connection signal="pressed" from="Home Screen/3" to="." method="_on_3_pressed"]

[connection signal="pressed" from="Home Screen/4" to="." method="_on_4_pressed"]

[connection signal="pressed" from="Home Screen/5" to="." method="_on_5_pressed"]

[connection signal="pressed" from="Home Screen/6" to="." method="_on_6_pressed"]

[connection signal="pressed" from="Home Screen/7" to="." method="_on_7_pressed"]

[connection signal="pressed" from="Home Screen/8" to="." method="_on_8_pressed"]

[connection signal="pressed" from="Home Screen/9" to="." method="_on_9_pressed"]

[connection signal="pressed" from="1 Sceen/Back" to="." method="_on_Back_pressed"]

[connection signal="pressed" from="2 Sceen/Back" to="." method="_on_Back_pressed"]

[connection signal="pressed" from="3 Sceen/Back" to="." method="_on_Back_pressed"]

[connection signal="pressed" from="3 Sceen/Article Back" to="3 Sceen/Article" method="_on_Article_Back_pressed"]


